<?xml version="1.0" encoding="UTF-8"?><collection xmlns="http://www.loc.gov/MARC21/slim"><record><leader>00470nam--2200145-i-4500</leader><controlfield tag="001">000006229</controlfield><controlfield tag="002">20161230</controlfield><controlfield tag="005">20161230201026</controlfield><controlfield tag="008">060222s1000------------r-----000-0-eng-d</controlfield><datafield ind1="1" ind2=" " tag="100"><subfield code="a">Frank, Philipp ; Mises, Richard</subfield></datafield><datafield ind1=" " ind2=" " tag="245"><subfield code="a">Die differential-und integralgelichungen der mechanik und physik. 2.vermehrten auflage vol.ii: physikalischer teil</subfield></datafield><datafield ind1=" " ind2=" " tag="260"><subfield code="a">New York, Dover Publ.Inc., 1961</subfield></datafield><datafield ind1=" " ind2=" " tag="490"><subfield code="a">Xxiv+1106p</subfield></datafield><datafield ind1=" " ind2=" " tag="852"><subfield code="a">18539</subfield><subfield code="c">517.9</subfield></datafield><datafield ind1=" " ind2=" " tag="CAT"><subfield code="a">Sys</subfield><subfield code="c">20080930</subfield><subfield code="h">123648</subfield></datafield></record></collection>